@BOOK{Taylor,
	author = {John R. Taylor},
	title = {An Introduction to Error Analysis},
	year = {1997},
	publisher = {University Science Books},
	edition = {Second},
	place = {Sausalito, California},
	isbn = {0-935702-75-X}
}

@BOOK{Tufte2001,
	author = {Edward R. Tufte},
	title = {The Visual Display of Quantitative Information},
	publisher = {Graphics Press},
	year = {2001},
	address = {Cheshire, Connecticut},
	isbn = {0-9613921-4-2},
	Key = {Tufte}
}

@BOOK{Lambert,
	author = {Johann Heirich Lambert},
	title = {Beytr\"age zum Gebrauche der Mathematik und deren Anwendung},
	crossref = {Tufte2001},
	pages = {45}
}

@BOOK{LivroAmarelo,
	author = {Jo\~{a}o J. Piacentini and Bartira C. S. Grandi and M\'arcia P. Hofmann and Flavio R. R. de Lima and Erika Zimmermann},
	title = {Introdu\c{c}\~ao ao Laborat\'orio de F\'isica},
	year = {2001},
	edition = {2\textordfeminine~},
	place = {Florian\'opolis},
	publisher = {Editora da UFSC},
	langid = {portuguese}
}

@BOOK{LivroEAD,
	author = {Jos\'e Ricardo Marinelli and Flavio Renato Ramos de Lima},
	title = {Laborat\'orio de F\'isica I},
	year = {2010},
	edition = {2\textordfeminine~},
	place = {Florian\'opolis},
	publisher = {UFSC/EAD/CED/CFM},
	isbn = {978-85-8030-001-7},
	language = {Portuguese}
}

@article{VASCONCELOS2005,
   title = {{Galileu contra a inércia circular}},
   journal = {{Scientiae Studia}},
   author={Vasconcelos, Júio Celso Ribeiro de},
   ISSN = {1678-3166},
   language = {pt},
   URL = {http://www.scielo.br/scielo.php?script=sci_arttext&pid=S1678-31662005000300003&nrm=iso},
   volume = {3},
   year = {2005},
   month = {09},
   pages = {395 - 414},
   publisher = {scielo},
   crossref = {10.1590/S1678-31662005000300003},
   }
